@book{hua2006,
    title = {模拟电子技术基础（第四版）},
    author = {华成英, 童诗白},
    publisher = {高等教育出版社},
    year = {2006},
    month = {5},
    note = {出版日期: 2006-5-1}
}

@online{ti,
    title = {TIPD139 参考设计},
    year = {2020},
    url = {www.ti.com.cn},
    note = {访问日期: 2023-10-08}
}

@online{csdn,
    title = {Multisim仿真—整流电路系列},
    year = {2020},
    url = {blog.csdn.net},
    note = {访问日期: 2023-10-08}
}

@online{englibretexts,
    title = {Operational Amplifier as Precision Rectifier/ Absolute Value Amplifier},
    author = {Engineering LibreTexts},
    year = {2021},
    url = {https://eng.libretexts.org}
}

@online{electronics_tutorial,
    title = {Precision Full Wave Rectifier},
    author = {Electronics Tutorial},
    year = {2021},
    url = {https://www.electronics-tutorial.net}
}
