@Article{part1,
   author = "K. Shen and W. Yu",
   title = "Fractional Programming for Communication Systems---{Part I}: {P}ower control and beamforming",
   journal = IEEE_J_SP,
   year = 2018,
   volume = 66,
   number = 10,
   pages = "2616-2630",
   month = "May 15,"
}


@Article{learning_topology,
   author = "M. Laghate and D. Cabric",
   title = "Learning wireless network's Topologies using ",
   journal = IEEE_J_MC,
   year = 2009,
   volume = 8,
   number = 10,
   pages = "1384-1396",
   month = oct
}

@Article{SVM,
   author = "P. Zhou and Y. Chang and J. A. Copeland",
   title = "Determination of wireless networks parameters through Parallel Hierarchical Support Vector Machines",
   journal = IEEE_J_PDS,
   year = 2012,
   volume = 23,
   number = 3,
   pages = "505-512",
   month = mar
}

@Article{HMM,
   author = "K. W. Choi and E. Hossain",
   title = "Estimation of Primary User Parameters in Cognitive Radio Systems via Hidden {Markov} Model",
   journal = IEEE_J_SP,
   year = 2013,
   volume = 61,
   number = 3,
   pages = "782-795",
   month = feb
}

@Article{EM,
   author = "A. Assra and J. Yang and B. Champagne",
   title = "An EM Approach for Cooperative Spectrum Sensing in Multiantenna {CR} Networks",
   journal = IEEE_J_SP,
   year = 2016,
   volume = 65,
   number = 3,
   pages = "1229-1243",
   month = feb
}

@Article{wen_bayesian,
   author = "C.-K. Wen and S. Jin and K.-K. Wong and J.-C. Chen and P. Ting",
   title = "Channel Estimation for Massive {MIMO} Using {G}aussian-Mixture {B}ayesian Learning",
   journal = IEEE_J_WCOM,
   year = 2014,
   volume = 14,
   number = 3,
   pages = "1356-1368",
   month = oct
}

@Article{PCA,
   author = "R. C. Qiu and Z. Hu and Z. Chen and N. Guo and R. Ranganathan and S. Hou and G. Zheng",
   title = "Cognitive Radio Network for the Smart Grid: {E}xperimental System Architecture, Control Algorithms, Security, and Microgrid Testbed",
   journal = "\emph{IEEE Trans. Smart Grid}",
   year = 2011,
   volume = 2,
   number = 4,
   pages = "724-740",
   month = aug
}

@Article{MDP,
   author = "A. Aprem and C. R. Murthy and N. B. Mehta",
   title = "Transmit Power Control Policies and Energy Harvesting Sensors with retransmissions",
   journal = IEEE_J_STSP,
   year = 2013,
   volume = 7,
   number = 5,
   pages = "895-906",
   month = oct
}

@Article{color,
   author = "I. Rhee and A. Warrier and J. Min and L. Xu",
   title = "{DRAN: D}istributed Randomized {TDMA} Scheduling for Wireless Ad hoc Networks",
   journal = IEEE_J_MC,
   year = 2009,
   volume = 8,
   number = 10,
   pages = "1384-1396",
   month = oct
}

@misc{learning_cartography,
  author = "D. Lee and D. Berberidis and G. B. Giannakis",
  title = "Adaptive {Bayesian} Radio Tomography",
  month = apr,
  year = 2018,
  note = {[Online] Available: https://arxiv.org/abs/1804.02084}
}

@Article{learning_energy_efficiency,
  author = "S. D'Oro and A. Zappone and S. Palazzo and M. Lops",
  title = "A Learning approach for low-complexity optimization of energy efficiency in multi-carrier wireless networks",
  journal = "{\it IEEE Wireless. Commun.}",
  year = 2018,
  month = feb
}


@Article{part2,
   author = "K. Shen and W. Yu",
   title = "Fractional Programming for Communication Systems---{Part II}: {U}plink scheduling via matching",
   journal =IEEE_J_SP,
   year = 2018,
   volume = 66,
   number = 10,
   pages = "2631-2644",
   month = "May 15,"
}

@misc{cong_ensemble, 
  author = "F. Liang and C. Shen and F. Wu", 
  title = "Towards Power Control for Interference Management via Ensembling Deep Neural Networks",
  note = {[Online] Available: https://arxiv.org/pdf/1807.10025},
  year = 2018,
  month = jul
}

@misc{alejandro,
  author = "M. Eisen and C. Zhang and L. F. O. Chamon and D. D. Lee and A. Ribeiro",
  title = "Learning Optimal Resource Allocations in
Wireless Systems",
  note = {[Online] Available: https://arxiv.org/pdf/1807.08088},
  year = 2018,
  month = jul
}


@Conference{shen_ISIT17,
  author = "K. Shen and W. Yu",
  title = "{FPLinQ: A} cooperative spectrum sharing strategy for device-to-device communications",
  booktitle = "IEEE Int. Symp. Inf. Theory (ISIT)",
  year = 2017,
  pages ="2323-2327",
  month = jun
}

@Conference{shen_asilomar,
  author = "K. Shen and W. Yu",
  title = "A coordinated uplink scheduling and power control algorithm for multicell networks",
  booktitle = "Asilomar Conf. Signals Syst. Comput.",
  year = 2015,
  month = nov
}

@Conference{shen_icassp,
  author = "K. Shen and W. Yu",
  title = "Coordinated Uplink Scheduling and Beamforming for Wireless Cellular Networks via Sum-of-Ratio Programming and Matching",
  booktitle = "IEEE Int. Conf. Acoust., Speech, and Signal Process. (ICASSP)",
  year = 2016,
  month = mar
}


@Conference{chitti,
  author = "K. Chitti and Q. Kuang and J. Speidel",
  title = "Joint base station association and power allocation for uplink sum-rate maximization",
  booktitle = "IEEE Workshop Signal Process. Advances Wireless Commun. (SPAWC)",
  year = 2013,
  pages = "6-10",
  month = jun
}

@Conference{chen,
  author = "X. Chen and R. Q. Hu",
  title = "Joint uplink and downlink optimal mobile association in a wireless heterogeneous network",
  booktitle = "IEEE Global Commun. Conf. (Globecom)",
  year = 2012,
  pages = "4131-4137",
  month = dec
}

@Conference{luo_ICASSP,
  author = "R. Sun and Z.-Q. Luo",
  title = "Globally optimal joint uplink base station association and power control for max-min fairness",
  booktitle = "IEEE Int. Conf. Acoust., Speech, and Signal Process. (ICASSP)",
  year = 2014,
  pages = "454-458",
  month = may
}

@Article{luo_TSP11,
  author = "Q. Shi and M. Razaviyayn and Z.-Q. Luo and C. He",
  title = "An Iteratively weighted {MMSE} Approach to distributed sum-utility maximization for a {MIMO} interfering broadcast channel",
  journal = IEEE_J_SP,
  year = 2011,
  volume = 59,
  number = 9,
  pages = "4331-4340",
  month = apr
}

@Article{next_generation,
  author = "C. Jiang and H. Zhang and Y. Ren and Z. Han and K.-C. Chen and L. Hanzo",
  title = "Machine Learning Paradigms for Next-genration Wireless Networks",
  journal = "{\it IEEE Wireless. Commun.}",
  year = 2016,
  volume = 24,
  number = 2,
  pages = "98-105",
  month = dec
}

@Article{Johansson_TWC06,
  author = "M. Johansson and L. Xiao",
  title = "Cross-Layer Optimization of Wireless Networks using Nonlinear Column Generation",
  journal = IEEE_J_WCOM,
  year = 2006,
  volume = 5,
  number = 2,
  pages = "435-445",
  month = feb
}

@Article{Guo_TCOM17,
  author = "B. Zhuang and D. Guo and E. Wei and M. L. Honig",
  title = "Scalable Spectrum Allocation and User Association in Networks With Many Small Cells",
  journal = IEEE_J_COM,
  year = 2017,
  volume = 65,
  number = 7,
  pages = "2931-2942",
  month = jul
}

@Article{MAPEL,
  author = "L. P. Qian and Y. J. Zhang",
  title = "{S-MAPEL: M}onotonic optimization for non-convex joint power control and scheduling problems",
  journal = IEEE_J_WCOM,
  year = 2010,
  volume = 9,
  number = 5,
  pages = "1708-1719",
  month = may
}

@Article{lecun_gradient,
  author = "Y. LeCun and L. Bottou and Y. Bengio and P. Haffner",
  title = "Gradient-based learning applied to document recognition",
  journal = IEEE_J_PROC,
  year = 1998,
  volume = 86,
  number = 11,
  pages = "2278-2324",
  month = nov
}

@Article{hornik,
  author = "K. Hornik",
  title = "Multilayer Feedforward Networks are Universal Approximators",
  journal = "Neural Netw.",
  year = 1989,
  volume = 2,
  issue = 5,
  pages = "359-366"
}

@Article{MLN,
  author = "M. Wang and Y. Cui and X. Wang and S. Xiao and J. Jiang",
  title = "Machine Learning for Networking: {Workflow}, Advances and Opportunities",
  journal = "IEEE Netw.",
  year = 2017,
  volume = 32,
  issue = 2,
  pages = "92-99",
  month = nov
}

@Article{lecun_deep,
  author = "Y. LeCun and Y. Bengio and G. Hinton",
  title = "Deep Learning",
  journal = "Nature",
  year = 2015,
  pages = "436-444",
  month = may
}

@Article{ITLinQ+,
  author = "X. Yi and G. Caire",
  title = "Optimality of treating interference as noise: {A} combinatorial perspective",
  journal = IEEE_J_IT,
  year = 2016,
  volume = 62,
  number = 8,
  pages = "4654-4673",
  month = jun
}

@Article{ITLinQ,
  author = "N. Naderializadeh and A. S. Avestimehr",
  title = "{ITL}in{Q}: {A} New approach for spectrum sharing in device-to-device communication systems",
  journal = IEEE_J_JSAC,
  year = 2014,
  volume = 32,
  number = 6,
  pages = "1139-1151",
  month = jun
}

@Article{FlashLinQ,
  author = "X. Wu and S. Tavildar and S. Shakkottai and T. Richardson and J. Li and R. Laroia and A. Jovicic",
  title = "{FlashL}in{Q}: {A} Synchronous Distributed Scheduler for Peer-to-Peer Ad Hoc Networks",
  journal = IEEE_J_NET,
  year = 2013,
  volume = 21,
  number = 4,
  pages = "1215-1228",
  month = aug
}

@Article{geng,
  author = "C. Geng and N. Naderializadeh and A.S. Avestimehr and S.A. Jafar",
  title = "On the optimality of treating interference as noise",
  journal = IEEE_J_IT,
  year = 2015,
  volume = 61,
  number = 4,
  pages = "1753-1767",
  month = feb
}

@Article{sheng_QoS,
  author = "M Sheng and H. Sun and X. Wang and Y. Zhang and T. Q. S. Quek and J. Liu and J. Li",
  title = "On-demand scheduling: {A}chieving {QoS} differentiation for {D2D} communications",
  journal = IEEE_M_COM,
  year = 2015,
  volume = 53,
  number = 7,
  pages = "162-170",
  month = jul
}

@Article{kushner,
  author = "H. J. Kushner and P. A. Whiting",
  title = "Convergence of Proportional-Fair Sharing Algorithms
Under General Conditions",
  journal = IEEE_J_WCOM,
  year = 2004,
  volume = 3,
  number = 4,
  pages = "1250-1259",
  month = jul
}

@Article{berry,
  author = "J. Huang and R.A. Berry and M.L Honig",
  title = "Distributed interference compensation for wireless networks",
  journal = IEEE_J_JSAC,
  year = 2006,
  volume = 24,
  number = 5,
  pages = "1074-1084",
  month = may
}

@Article{forney,
  author = "G. D. Forney, Jr. and G. Ungerboeck",
  title = "Modulation and Coding for
Linear Gaussian Channels",
  journal = IEEE_J_IT,
  year = 1998,
  volume = 44,
  number = 6,
  month = oct
}

@book{neely,
  author        = "M. J. Neely",
  title         = "Stochastic Network Optimization with Application to Communication and Queueing Systems",
  publisher     = "Morgan \& Claypool",
  year          = "2010"
}

@patent{tse_pf,
  author        = "E. F. Chaponniere and P. J. Black and J. M. Holtzman and D. N. C. Tse",
  assignee      = "Qualcomm Incorporated",
  title         = "Transmitter directed code division multiple access system using path diversity to equitably maximize throughput",
  nationality   = "United States",
  number        = "345700",
  dayfiled      = "30",
  monthfiled    = jun,
  yearfiled     = "1999",
  day           = "30",
  month         = jun,
  year          = "1999"
}

@Conference{Guo_1000,
  author = "Z. Zhou and D. Guo",
  title = "1000-Cell Global Spectrum Management",
  booktitle = "ACM Int. Symp. Mobile Ad Hoc Netw. Comput. (MobiHoc)",
  year = 2017,
  month = jul
}

@Conference{lin_QoS,
  author = "X. Lin and R. Ratasuk and A. Ghosh",
  title = "Network-Assisted Device-to-Device Scheduling in {LTE}",
  booktitle = "IEEE Veh. Tech. Conf. (VTC Spring)",
  year = 2015,
  month = may
}

@Conference{greedy,
  author = "M. Zulhasnine and C. Huang and A. Srinivasan",
  title = "Efficient resource allocation for device-to-device communication underlaying {LTE} network",
  booktitle = "IEEE Wireless Mobile Computing Netw. Commun. (WiMob)",
  year = 2010,
  pages = "368-375",
  month = nov
}

@Conference{game,
  author = "A. Asadi and V. Mancuso",
  title = "
On the compound impact of opportunistic scheduling and {D2D} communications in cellular networks",
  booktitle = "ACM Int. Conf. Modeling, Anal. Simulation Wireless Mobile Syst. (MSWiM)",
  year = 2013,
  pages = "279-288",
  month = nov
}

@Conference{evolution,
  author = "P. Cheng and L. Deng and H. Yu and Y. Xu and H. Wang",
  title = "Resource allocation for cognitive networks with {D2D} communication: {An}
  evolutionary approach",
  booktitle = "IEEE Wireless Commun. Netw. Conf. (WCNC)",
  year = 2012,
  pages = "2671-2676",
  month = jun
}

@Conference{stochastic,
  author = "Z. Liu and T. Peng and H. Chen and W. Wang",
  title = "Optimal {D2D} user allocation over multi-bands under heterogeneous networks",
  booktitle = "IEEE Global Commun. Conf. (GLOBECOM)",
  year = 2012,
  pages = "1339-1344",
  month = dec
}

@Conference{DP,
  author = "F. Malandrno and C. Casetti and C.-F. Chiasserini and Z. Limani",
  title = "Fast Resource Scheduling in {HetNets} with {D2D} Support",
  booktitle = "IEEE INFOCOM",
  year = 2014,
  pages = "1536-1544",
  month = may
}

@Conference{shen_spawc,
  author = "K. Shen and W. Yu",
  title = "Load and interference aware joint cell association and user scheduling in uplink cellular networks",
  booktitle = "IEEE Int. Workshop Signal Process. Advances Wireless Commun. (SPAWC)",
  year = 2016,
  month = aug
}

@Article{hong_spawc,
  author = "H. Sun and X. Chen and Q. Shi and M. Hong and X. Fu and N. D. Sidiropoulos",
  title = "Learning to optimize: {Training} deep neural networks for interference management",
  journal = IEEE_J_SP,
  year = 2018,
  volume = 66,
  number = 20,
  pages = "5438-5453",
  month = aug
}

@Conference{LTE,
  author = "M. Chen and W. Saad and C. Yin",
  title = "Liquid State Machine Learning for Resrouce Allocation in a Network of Cache-Enabled {LTE-U UAVs}",
  booktitle = "IEEE Global Commun. Conf. (GLOBECOM)",
  year = 2017,
  month = dec
}

@Conference{eisen_icassp,
  author = "M. Eisen and K. Gatsis and G. J. Pappas and A. Ribeiro",
  title = "Learning statistically accurate resource allocations in non-stationary wireless systems",
  booktitle = "IEEE Int. Conf. Acoust., Speech, and Signal Process. (ICASSP)",
  year = 2018,
  month = may
}

@Conference{Cui_GC,
  author = "W. Cui and K. Shen and W. Yu",
  title = "Spatial Deep Learning for Wireless Scheduling",
  booktitle = "IEEE Global Commun. Conf. (GLOBECOM)",
  year = 2018,
  month = dec,
  address = {Abu Dhabi, UAE}
}

@book{itu1411,
  title = "Recommendation ITU-R P.1411-8",
  publisher = "International Telecommunication Union",
  year = "2015"
}

@misc{tensorflow,
  author="M. Abadi and others",
  title={ {TensorFlow}: Large-Scale Machine Learning on Heterogeneous Systems},
  url={https://www.tensorflow.org/},
  note={Software available from tensorflow.org},
  year="2015"
}