@inproceedings{mildenhall2020nerf,
 title={NeRF: Representing Scenes as Neural Radiance Fields for View Synthesis},
 author={Ben Mildenhall and Pratul P. Srinivasan and Matthew Tancik and Jonathan T. Barron and Ravi Ramamoorthi and Ren Ng},
 year={2020},
 booktitle={ECCV},
}

@article{Lombardi:2019,
 author = {Lombardi, Stephen and Simon, Tomas and Saragih, Jason and Schwartz, Gabriel and Lehrmann, Andreas and Sheikh, Yaser},
 title = {Neural Volumes: Learning Dynamic Renderable Volumes from Images},
 journal = {ACM Trans. Graph.},
 issue_date = {July 2019},
 volume = {38},
 number = {4},
 month = jul,
 year = {2019},
 pages = {65:1--65:14},
 articleno = {65},
 numpages = {14},
 publisher = {ACM},
 address = {New York, NY, USA},
} 

@article{tancik2020fourfeat,
    title={Fourier Features Let Networks Learn High Frequency Functions in Low Dimensional Domains},
    author={Matthew Tancik and Pratul P. Srinivasan and Ben Mildenhall and Sara Fridovich-Keil and Nithin Raghavan and Utkarsh Singhal and Ravi Ramamoorthi and Jonathan T. Barron and Ren Ng},
    journal={NeurIPS},
    year={2020}
}

@inproceedings{schoenberger2016sfm,
    author={Sch\"{o}nberger, Johannes Lutz and Frahm, Jan-Michael},
    title={Structure-from-Motion Revisited},
    booktitle={Conference on Computer Vision and Pattern Recognition (CVPR)},
    year={2016},
}

@InProceedings{Yu_2021_CVPR,
    author    = {Yu, Alex and Ye, Vickie and Tancik, Matthew and Kanazawa, Angjoo},
    title     = {pixelNeRF: Neural Radiance Fields From One or Few Images},
    booktitle = {Proceedings of the IEEE/CVF Conference on Computer Vision and Pattern Recognition (CVPR)},
    month     = {June},
    year      = {2021},
    pages     = {4578-4587}
}

@techreport{shapenet2015,
  title       = {{ShapeNet: An Information-Rich 3D Model Repository}},
  author      = {Chang, Angel X. and Funkhouser, Thomas and Guibas, Leonidas and Hanrahan, Pat and Huang, Qixing and Li, Zimo and Savarese, Silvio and Savva, Manolis and Song, Shuran and Su, Hao and Xiao, Jianxiong and Yi, Li and Yu, Fisher},
  number      = {arXiv:1512.03012 [cs.GR]},
  institution = {Stanford University --- Princeton University --- Toyota Technological Institute at Chicago},
  year        = {2015}
}

 @InProceedings{Niemeyer2021Regnerf,
          author    = {Michael Niemeyer and Jonathan T. Barron and Ben Mildenhall and Mehdi S. M. Sajjadi and Andreas Geiger and Noha Radwan},  
          title     = {RegNeRF: Regularizing Neural Radiance Fields for View Synthesis from Sparse Inputs},
          booktitle = {Proc. IEEE Conf. on Computer Vision and Pattern Recognition (CVPR)},
          year      = {2022},
        }

@article{barron2021mipnerf,
    title={Mip-NeRF: A Multiscale Representation 
           for Anti-Aliasing Neural Radiance Fields},
    author={Jonathan T. Barron and Ben Mildenhall and 
            Matthew Tancik and Peter Hedman and 
            Ricardo Martin-Brualla and Pratul P. Srinivasan},
    journal={ICCV},
    year={2021}
}

@article{mildenhall2022rawnerf,
    title={{NeRF} in the Dark: High Dynamic Range View Synthesis from Noisy Raw Images},
    author={Ben Mildenhall and Peter Hedman and Ricardo Martin-Brualla and Pratul P. Srinivasan and Jonathan T. Barron},
    journal={CVPR},
    year={2022}
}

@inproceedings{martinbrualla2020nerfw,
    author = {Martin-Brualla, Ricardo
        and Radwan, Noha
        and Sajjadi, Mehdi S. M.
        and Barron, Jonathan T.
        and Dosovitskiy, Alexey
        and Duckworth, Daniel},
    title = {{NeRF in the Wild: Neural Radiance Fields for
        Unconstrained Photo Collections}},
    booktitle = {CVPR},
    year={2021}
    }

@misc{couturier2021deep,
      title={A Deep Learning Object Detection Method for an Efficient Clusters Initialization}, 
      author={RaphaÃ«l Couturier and Hassan N. Noura and Ola Salman and Abderrahmane Sider},
      year={2021},
      eprint={2104.13634},
      archivePrefix={arXiv},
      primaryClass={cs.CV}
}

@misc{ge2021yolox,
      title={YOLOX: Exceeding YOLO Series in 2021}, 
      author={Zheng Ge and Songtao Liu and Feng Wang and Zeming Li and Jian Sun},
      year={2021},
      eprint={2107.08430},
      archivePrefix={arXiv},
      primaryClass={cs.CV}
}

@misc{yang2023freenerf,
      title={FreeNeRF: Improving Few-shot Neural Rendering with Free Frequency Regularization}, 
      author={Jiawei Yang and Marco Pavone and Yue Wang},
      year={2023},
      eprint={2303.07418},
      archivePrefix={arXiv},
      primaryClass={cs.CV}
}