@article{corke2020robotics,
  title={What can robotics research learn from computer vision research?},
  author={Corke, Peter and Dayoub, Feras and Hall, David and Skinner, John and S{\"u}nderhauf, Niko},
  journal={Springer},
  year={2020},
  doi={10.1007/978-3-030-95459-8_61}
}

@article{sophokleous2021educational,
  title={Computer Vision Meets Educational Robotics},
  author={Sophokleous, Aphrodite and Christodoulou, P. and Doitsidis, L. and Chatzichristofis, S.},
  journal={Electronics},
  volume={10},
  number={6},
  pages={730},
  year={2021},
  doi={10.3390/ELECTRONICS10060730}
}

@article{kumar2015surgical,
  title={Computer-Vision-Based Decision Support in Surgical Robotics},
  author={Kumar, Suren and Singhal, P. and Krovi, V.},
  journal={IEEE},
  year={2015},
  doi={10.1109/MDAT.2015.2465135}
}

@article{kennedy2021operating,
  title={Computer Vision in the Operating Room: Opportunities and Caveats},
  author={Kennedy-Metz, Lauren R. and Mascagni, P. and Torralba, A. and Dias, R. and Perona, P. and Shah, J. and Padoy, N. and Zenati, M.},
  journal={IEEE Transactions on Medical Robotics and Bionics},
  year={2021},
  doi={10.1109/TMRB.2020.3040002}
}
