@article{russell2020,
  title={Human Compatible: Artificial Intelligence and the Problem of Control},
  author={Russell, Stuart},
  year={2020},
  publisher={Penguin}
}

@article{turing1950computing,
  title={Computing machinery and intelligence},
  author={Turing, Alan M},
  journal={Mind},
  volume={59},
  number={236},
  pages={433--460},
  year={1950},
  publisher={Oxford University Press}
}

@article{suthaharan2016,
  title={Big Data Classification: Problems and Challenges in Network Intrusion Prediction with Machine Learning},
  author={Suthaharan, Shan},
  journal={ACM SIGMETRICS Performance Evaluation Review},
  volume={41},
  number={4},
  pages={70--73},
  year={2016},
  publisher={ACM}
}

@article{radford2019language,
  title={Language Models are Unsupervised Multitask Learners},
  author={Radford, Alec and Wu, Jeff and Child, Rewon and Luan, David and Amodei, Dario and Sutskever, Ilya},
  year={2019},
  publisher={OpenAI}
}

@article{tesla2021autopilot,
  title={Autopilot},
  author={Tesla, Inc},
  year={2021},
  url={https://www.tesla.com/autopilot}
}

@article{jiang2017,
  title={The Future of AI in Healthcare},
  author={Jiang, Fei and Jiang, Yong and Zhi, Hui and Dong, Yi and Li, Hao and Ma, Sufeng and Wang, Yilong and Dong, Qiang and Shen, Haipeng and Wang, Yongjun},
  journal={Nature Partner Journals Digital Medicine},
  volume={1},
  pages={1--3},
  year={2017},
  publisher={Nature}
}

@article{nvidia2020ai,
  title={AI and Deep Learning},
  author={NVIDIA Corporation},
  year={2020},
  url={https://www.nvidia.com/en-us/deep-learning-ai/}
}

@article{brynjolfsson2019,
  title={Using AI to Improve Our Cities and Lives},
  author={Brynjolfsson, Erik and McElheran, Kristina},
  journal={Nature Machine Intelligence},
  volume={1},
  pages={3--5},
  year={2019},
  publisher={Springer Nature}
}

@article{buolamwini2018,
  title={Gender Shades: Intersectional Accuracy Disparities in Commercial Gender Classification},
  author={Buolamwini, Joy and Gebru, Timnit},
  journal={Proceedings of Machine Learning Research},
  volume={81},
  pages={1--15},
  year={2018},
  publisher={PMLR}
}

@article{arntz2016,
  title={The Risk of Automation for Jobs in OECD Countries: A Comparative Analysis},
  author={Arntz, Melanie and Gregory, Terry and Zierahn, Ulrich},
  journal={OECD Social, Employment and Migration Working Papers},
  volume={189},
  year={2016},
  publisher={OECD Publishing}
}

@article{schneider2020,
  title={Regulating Artificial Intelligence: Proposal for a Global Solution},
  author={Schneider, Leon and Drachsler, Hendrik},
  journal={Science and Engineering Ethics},
  volume={26},
  pages={853--868},
  year={2020},
  publisher={Springer}
}

@article{brundage2020,
  title={The Malicious Use of Artificial Intelligence: Forecasting, Prevention, and Mitigation},
  author={Brundage, Miles and Avin, Shahar and Clark, Jack and Toner, Helen and Eckersley, Peter and Garfinkel, Ben and Dafoe, Allan and Scharre, Paul and Zeitzoff, Thomas and Filar, Bobby and others},
  journal={arXiv preprint arXiv:1802.07228},
  year={2020},
  publisher={arXiv.org}
}

@article{gebru2018,
  title={Datasheets for Datasets},
  author={Gebru, Timnit and Morgenstern, Jamie and Vecchione, Briana and Vaughan, Jennifer Wortman and Wallach, Hanna and Daume III, Hal and Crawford, Kate},
  journal={arXiv preprint arXiv:1803.09010},
  year={2018},
  publisher={arXiv.org}
}

@article{mitchell2019,
  title={Model Cards for Model Reporting},
  author={Mitchell, Margaret and Wu, Simone and Zaldivar, Andrew and Barnes, Parker and Vasserman, Lucy and Hutchinson, Ben and Spitzer, Elena and Raji, Inioluwa Deborah and Gebru, Timnit},
  journal={Proceedings of the Conference on Fairness, Accountability, and Transparency},
  pages={220--229},
  year={2019},
  publisher={ACM}
}

@article{holstein2019,
  title={Advances and open problems in federated learning},
  author={Holstein, Kenneth and Wortman Vaughan, Jennifer and Daumé III, Hal and Dudik, Miro and Wallach, Hanna},
  journal={Foundations and Trends® in Machine Learning},
  volume={12},
  number={3-4},
  pages={340--409},
  year={2019},
  publisher={Now Publishers}
}

@article{chui2018,
  title={Notes from the AI frontier: Modeling the impact of AI on the world economy},
  author={Chui, Michael and Manyika, James and Miremadi, Mehdi},
  year={2018},
  publisher={McKinsey Global Institute}
}

@article{bietti2020,
  title={From Ethics Washing to Ethics Bashing: A View on Tech Ethics from Within Moral Philosophy},
  author={Bietti, Elettra},
  journal={Proceedings of the 2020 Conference on Fairness, Accountability, and Transparency},
  pages={210--219},
  year={2020},
  publisher={ACM}
}

@article{long2019,
  title={AI Literacy: The Basics of Machine Learning},
  author={Long, Cade},
  year={2019},
  url={https://medium.com/@cadelong23/ai-literacy-the-basics-of-machine-learning-2a5c9f44906f}
}
